<?xml version="1.0" encoding="UTF-8"?><collection xmlns="http://www.loc.gov/MARC21/slim"><record><leader>00739nam--2200241-u-4500</leader><controlfield tag="001">000051211</controlfield><controlfield tag="002">20161230</controlfield><controlfield tag="005">20161230201049</controlfield><controlfield tag="008">080602s1000------------r-----000-0-eng-d</controlfield><datafield ind1=" " ind2=" " tag="020"><subfield code="a">0-88318-851-1</subfield></datafield><datafield ind1=" " ind2=" " tag="040"><subfield code="a">IFIN-HH</subfield></datafield><datafield ind1=" " ind2=" " tag="080"><subfield code="a">621.375</subfield></datafield><datafield ind1="1" ind2=" " tag="100"><subfield code="a">Akhmanov, Sergei A., Vysloukh, Victor A., Anatoly, Chirkin, Anatoly S</subfield></datafield><datafield ind1=" " ind2=" " tag="240"><subfield code="a">Optika femtosekundnykh impul'sov</subfield></datafield><datafield ind1="1" ind2="0" tag="245"><subfield code="a">Optics of Femtosecond Laser Pulses</subfield></datafield><datafield ind1=" " ind2=" " tag="260"><subfield code="a">New York</subfield><subfield code="b">American Institute of Physics</subfield><subfield code="c">1992</subfield></datafield><datafield ind1=" " ind2=" " tag="300"><subfield code="a">366 p</subfield></datafield><datafield ind1=" " ind2=" " tag="500"><subfield code="a">Translation of:Optika femtosekundnykh impul'sov</subfield></datafield><datafield ind1=" " ind2="4" tag="650"><subfield code="a">Laser pulses, Ultrashort</subfield></datafield><datafield ind1="2" ind2=" " tag="650"><subfield code="a">Quantum optics</subfield></datafield><datafield ind1="1" ind2=" " tag="700"><subfield code="a">Anatoly S. Chirkin</subfield></datafield><datafield ind1=" " ind2=" " tag="852"><subfield code="a">81949</subfield><subfield code="c">621.375.9</subfield></datafield><datafield ind1=" " ind2=" " tag="CAT"><subfield code="a">Sys</subfield><subfield code="c">20080602</subfield><subfield code="h">092349</subfield></datafield></record></collection>